<?xml version="1.0" encoding="UTF-8"?><collection xmlns="http://www.loc.gov/MARC21/slim"><record><leader>00346nam--2200121-i-4500</leader><controlfield tag="001">000030322</controlfield><controlfield tag="002">20161230</controlfield><controlfield tag="005">20161230201038</controlfield><controlfield tag="008">060222s1000------------r-----000-0-eng-d</controlfield><datafield ind1=" " ind2=" " tag="100"><subfield code="a">Mandelstam, Stanley, Yourgrau, Wolfgang</subfield></datafield><datafield ind1=" " ind2=" " tag="245"><subfield code="a">Variational principles in dynamics and  quantum theory</subfield></datafield><datafield ind1=" " ind2=" " tag="260"><subfield code="a">London, Pitman, 1955, Ix + 155p</subfield></datafield><datafield ind1=" " ind2=" " tag="852"><subfield code="a">10486</subfield></datafield></record></collection>